@inproceedings{DBLP:conf/siggraph/BertalmioSCB00,
  author    = {Marcelo Bertalm{\'{\i}}o and
               Guillermo Sapiro and
               Vicent Caselles and
               Coloma Ballester},
  editor    = {Judith R. Brown and
               Kurt Akeley},
  title     = {Image inpainting},
  booktitle = {Proceedings of the 27th Annual Conference on Computer Graphics and
               Interactive Techniques, {SIGGRAPH} 2000, New Orleans, LA, USA, July
               23-28, 2000},
  pages     = {417--424},
  publisher = {{ACM}},
  year      = {2000},
  url       = {http://doi.acm.org/10.1145/344779.344972},
  doi       = {10.1145/344779.344972},
  timestamp = {Thu, 19 Nov 2015 15:32:44 +0100},
  biburl    = {http://dblp.uni-trier.de/rec/bib/conf/siggraph/BertalmioSCB00},
  bibsource = {dblp computer science bibliography, http://dblp.org}
}
