@inproceedings{siggraph00,
  author    = {Marcelo Bertalm{\'{\i}}o and
               Guillermo Sapiro and
               Vicent Caselles and
               Coloma Ballester},
  editor    = {Judith R. Brown and
               Kurt Akeley},
  title     = {Image inpainting},
  booktitle = {Proceedings of the 27th Annual Conference on Computer Graphics and
               Interactive Techniques, {SIGGRAPH} 2000, New Orleans, LA, USA, July
               23-28, 2000},
  pages     = {417--424},
  publisher = {{ACM}},
  year      = {2000},
  url       = {http://doi.acm.org/10.1145/344779.344972},
  doi       = {10.1145/344779.344972},
  timestamp = {Thu, 19 Nov 2015 15:32:44 +0100},
  biburl    = {http://dblp.uni-trier.de/rec/bib/conf/siggraph/BertalmioSCB00},
  bibsource = {dblp computer science bibliography, http://dblp.org}
}

@inproceedings{cvpr03,
  author    = {Antonio Criminisi and
               Patrick P{\'{e}}rez and
               Kentaro Toyama},
  title     = {Object Removal by Exemplar-Based Inpainting},
  booktitle = {2003 {IEEE} Computer Society Conference on Computer Vision and Pattern
               Recognition {(CVPR} 2003), 16-22 June 2003, Madison, WI, {USA}},
  pages     = {721--728},
  publisher = {{IEEE} Computer Society},
  year      = {2003},
  url       = {http://dx.doi.org/10.1109/CVPR.2003.1211538},
  doi       = {10.1109/CVPR.2003.1211538},
  timestamp = {Thu, 23 Jun 2016 15:53:27 +0200},
  biburl    = {http://dblp.uni-trier.de/rec/bib/conf/cvpr/CriminisiPT03},
  bibsource = {dblp computer science bibliography, http://dblp.org}
}

@article{tip04,
  author    = {Antonio Criminisi and
               Patrick P{\'{e}}rez and
               Kentaro Toyama},
  title     = {Region filling and object removal by exemplar-based image inpainting},
  journal   = {{IEEE} Trans. Image Processing},
  volume    = {13},
  number    = {9},
  pages     = {1200--1212},
  year      = {2004},
  url       = {http://dx.doi.org/10.1109/TIP.2004.833105},
  doi       = {10.1109/TIP.2004.833105},
  timestamp = {Wed, 09 Mar 2016 14:46:47 +0100},
  biburl    = {http://dblp.uni-trier.de/rec/bib/journals/tip/CriminisiPT04},
  bibsource = {dblp computer science bibliography, http://dblp.org}
}

@article{tip10sj,
  author    = {Zongben Xu and
               Jian Sun},
  title     = {Image Inpainting by Patch Propagation Using Patch Sparsity},
  journal   = {{IEEE} Trans. Image Processing},
  volume    = {19},
  number    = {5},
  pages     = {1153--1165},
  year      = {2010},
  url       = {http://dx.doi.org/10.1109/TIP.2010.2042098},
  doi       = {10.1109/TIP.2010.2042098},
  timestamp = {Fri, 08 Apr 2016 07:34:29 +0200},
  biburl    = {http://dblp.uni-trier.de/rec/bib/journals/tip/XuS10},
  bibsource = {dblp computer science bibliography, http://dblp.org}
}

@article{tip10,
  author    = {Aur{\'{e}}lie Bugeau and
               Marcelo Bertalm{\'{\i}}o and
               Vicent Caselles and
               Guillermo Sapiro},
  title     = {A Comprehensive Framework for Image Inpainting},
  journal   = {{IEEE} Trans. Image Processing},
  volume    = {19},
  number    = {10},
  pages     = {2634--2645},
  year      = {2010},
  url       = {http://dx.doi.org/10.1109/TIP.2010.2049240},
  doi       = {10.1109/TIP.2010.2049240},
  timestamp = {Wed, 09 Mar 2016 14:46:46 +0100},
  biburl    = {http://dblp.uni-trier.de/rec/bib/journals/tip/BugeauBCS10},
  bibsource = {dblp computer science bibliography, http://dblp.org}
}

@article{neco02,
  author    = {Geoffrey E. Hinton},
  title     = {Training Products of Experts by Minimizing Contrastive Divergence},
  journal   = {Neural Computation},
  volume    = {14},
  number    = {8},
  pages     = {1771--1800},
  year      = {2002},
  url       = {http://dx.doi.org/10.1162/089976602760128018},
  doi       = {10.1162/089976602760128018},
  timestamp = {Thu, 17 Nov 2011 16:24:23 +0100},
  biburl    = {http://dblp.uni-trier.de/rec/bib/journals/neco/Hinton02},
  bibsource = {dblp computer science bibliography, http://dblp.org}
}

@inproceedings{nips02,
  author    = {Max Welling and
               Geoffrey E. Hinton and
               Simon Osindero},
  editor    = {Suzanna Becker and
               Sebastian Thrun and
               Klaus Obermayer},
  title     = {Learning Sparse Topographic Representations with Products of Student-t
               Distributions},
  booktitle = {Advances in Neural Information Processing Systems 15 [Neural Information
               Processing Systems, {NIPS} 2002, December 9-14, 2002, Vancouver, British
               Columbia, Canada]},
  pages     = {1359--1366},
  publisher = {{MIT} Press},
  year      = {2002},
  url       = {http://papers.nips.cc/paper/2177-learning-sparse-topographic-representations-with-products-of-student-t-distributions},
  timestamp = {Thu, 11 Dec 2014 17:34:07 +0100},
  biburl    = {http://dblp.uni-trier.de/rec/bib/conf/nips/WellingHO02},
  bibsource = {dblp computer science bibliography, http://dblp.org}
}

@inproceedings{cvpr05,
  author    = {Stefan Roth and
               Michael J. Black},
  title     = {Fields of Experts: {A} Framework for Learning Image Priors},
  booktitle = {2005 {IEEE} Computer Society Conference on Computer Vision and Pattern
               Recognition {(CVPR} 2005), 20-26 June 2005, San Diego, CA, {USA}},
  pages     = {860--867},
  publisher = {{IEEE} Computer Society},
  year      = {2005},
  url       = {http://dx.doi.org/10.1109/CVPR.2005.160},
  doi       = {10.1109/CVPR.2005.160},
  timestamp = {Thu, 23 Jun 2016 15:53:27 +0200},
  biburl    = {http://dblp.uni-trier.de/rec/bib/conf/cvpr/RothB05},
  bibsource = {dblp computer science bibliography, http://dblp.org}
}

@misc{Authors14,
 author = {Authors},
 title = {The frobnicatable foo filter},
 note = {Face and Gesture  submission ID 324. Supplied as additional material {\tt fg324.pdf}},
 year = 2014
}

@misc{Authors14b,
 author = {Authors},
 title = {Frobnication tutorial},
 note = {Supplied as additional material {\tt tr.pdf}},
 year = 2014
}

@article{Alpher02,
author = {A. Alpher},
title = {Frobnication},
journal = {Journal of Foo},
volume = 12, 
number = 1, 
pages = {234--778}, 
year = 2002
}

@article{Alpher03,
author = {A. Alpher and  J.~P.~N. Fotheringham-Smythe},
title = {Frobnication revisited},
journal = {Journal of Foo},
volume = 13, 
number = 1, 
pages = {234--778}, 
year = 2003
}

@article{Alpher04,
author = {A. Alpher and J.~P.~N. Fotheringham-Smythe and G. Gamow},
title = {Can a machine frobnicate?},
journal = {Journal of Foo},
volume = 14, 
number = 1, 
pages = {234--778}, 
year = 2004
}
