@inproceedings{siggraph00,
  author    = {Marcelo Bertalm{\'{\i}}o and
               Guillermo Sapiro and
               Vicent Caselles and
               Coloma Ballester},
  editor    = {Judith R. Brown and
               Kurt Akeley},
  title     = {Image inpainting},
  booktitle = {Proceedings of the 27th Annual Conference on Computer Graphics and
               Interactive Techniques, {SIGGRAPH} 2000, New Orleans, LA, USA, July
               23-28, 2000},
  pages     = {417--424},
  publisher = {{ACM}},
  year      = {2000},
}

@inproceedings{cvpr03,
  author    = {Antonio Criminisi and
               Patrick P{\'{e}}rez and
               Kentaro Toyama},
  title     = {Object Removal by Exemplar-Based Inpainting},
  booktitle = {2003 {IEEE} Computer Society Conference on Computer Vision and Pattern
               Recognition {(CVPR} 2003), 16-22 June 2003, Madison, WI, {USA}},
  pages     = {721--728},
  publisher = {{IEEE} Computer Society},
  year      = {2003},
}

@article{tip04,
  author    = {Antonio Criminisi and
               Patrick P{\'{e}}rez and
               Kentaro Toyama},
  title     = {Region filling and object removal by exemplar-based image inpainting},
  journal   = {{IEEE} Trans. Image Processing},
  volume    = {13},
  number    = {9},
  pages     = {1200--1212},
  year      = {2004},
}

@article{tip10sj,
  author    = {Zongben Xu and
               Jian Sun},
  title     = {Image Inpainting by Patch Propagation Using Patch Sparsity},
  journal   = {{IEEE} Trans. Image Processing},
  volume    = {19},
  number    = {5},
  pages     = {1153--1165},
  year      = {2010},
}

@article{tip10,
  author    = {Aur{\'{e}}lie Bugeau and
               Marcelo Bertalm{\'{\i}}o and
               Vicent Caselles and
               Guillermo Sapiro},
  title     = {A Comprehensive Framework for Image Inpainting},
  journal   = {{IEEE} Trans. Image Processing},
  volume    = {19},
  number    = {10},
  pages     = {2634--2645},
  year      = {2010},
}

@article{neco02,
  author    = {Geoffrey E. Hinton},
  title     = {Training Products of Experts by Minimizing Contrastive Divergence},
  journal   = {Neural Computation},
  volume    = {14},
  number    = {8},
  pages     = {1771--1800},
  year      = {2002},
}

@inproceedings{nips02,
  author    = {Max Welling and
               Geoffrey E. Hinton and
               Simon Osindero},
  editor    = {Suzanna Becker and
               Sebastian Thrun and
               Klaus Obermayer},
  title     = {Learning Sparse Topographic Representations with Products of Student-t
               Distributions},
  booktitle = {Advances in Neural Information Processing Systems 15 [Neural Information
               Processing Systems, {NIPS} 2002, December 9-14, 2002, Vancouver, British
               Columbia, Canada]},
  pages     = {1359--1366},
  publisher = {{MIT} Press},
  year      = {2002},
}

@inproceedings{cvpr05,
  author    = {Stefan Roth and
               Michael J. Black},
  title     = {Fields of Experts: {A} Framework for Learning Image Priors},
  booktitle = {2005 {IEEE} Computer Society Conference on Computer Vision and Pattern
               Recognition {(CVPR} 2005), 20-26 June 2005, San Diego, CA, {USA}},
  pages     = {860--867},
  publisher = {{IEEE} Computer Society},
  year      = {2005},
  url       = {http://dx.doi.org/10.1109/CVPR.2005.160},
  doi       = {10.1109/CVPR.2005.160},
  timestamp = {Thu, 23 Jun 2016 15:53:27 +0200},
  biburl    = {http://dblp.uni-trier.de/rec/bib/conf/cvpr/RothB05},
  bibsource = {dblp computer science bibliography, http://dblp.org}
}

@misc{Authors14,
 author = {Authors},
 title = {The frobnicatable foo filter},
 note = {Face and Gesture  submission ID 324. Supplied as additional material {\tt fg324.pdf}},
 year = 2014
}

@misc{Authors14b,
 author = {Authors},
 title = {Frobnication tutorial},
 note = {Supplied as additional material {\tt tr.pdf}},
 year = 2014
}

@article{Alpher02,
author = {A. Alpher},
title = {Frobnication},
journal = {Journal of Foo},
volume = 12, 
number = 1, 
pages = {234--778}, 
year = 2002
}

@article{Alpher03,
author = {A. Alpher and  J.~P.~N. Fotheringham-Smythe},
title = {Frobnication revisited},
journal = {Journal of Foo},
volume = 13, 
number = 1, 
pages = {234--778}, 
year = 2003
}

@article{Alpher04,
author = {A. Alpher and J.~P.~N. Fotheringham-Smythe and G. Gamow},
title = {Can a machine frobnicate?},
journal = {Journal of Foo},
volume = 14, 
number = 1, 
pages = {234--778}, 
year = 2004
}

@article{sivip16,
author = {Yin{-}wei Wei and Shi{-}guang Liu},
title = {Domain-based structure-aware image inpainting},
journal = {Signal, Image and Video Processing},
volume = {10},
number = {5},
pages = {911--919},
year = {2016},
}

@inproceedings{iccv99,
author    = {Alexei A. Efros and Thomas K. Leung},
title     = {Texture Synthesis by Non-parametric Sampling},
booktitle = {{ICCV}},
pages     = {1033--1038},
year      = {1999},
}

@article{ijcv09,
author    = {Stefan Roth and Michael J. Black},
title     = {Fields of Experts},
journal   = {International Journal of Computer Vision},
volume    = {82},
number    = {2},
pages     = {205--229},
year      = {2009},
}

@inproceedings{cvpr10mrf,
author    = {Uwe Schmidt and Qi Gao and Stefan Roth},
title     = {A generative perspective on MRFs in low-level vision},
booktitle = {The Twenty-Third {IEEE} Conference on Computer Vision and Pattern
               Recognition, {CVPR} 2010, San Francisco, CA, USA, 13-18 June 2010},
pages     = {1751--1758},
year      = {2010},
}
